@book{stallings2011,
	author		= {William Stallings},
	title		= {Cryptography and Network Security: Principles and Practice},
	publisher	= {Pearson Education, Inc},
	year		= {2011},
	edition		= {5},
}
@article{landau2000,
	author		= {Susan Landau},
	title		= {Standing the Test of Time: The Data Encryption Standard},
	year		= {2000},
	journal		= {Notices of the AMS},
	volume		= {47},
	number		= {3},
	pages		= {341-349}
}
@article{mousa2006,
	author		= {Allam Mousa and Ahmad Hamad},
	title		= {Evaluation of the RC4 Algorithm for Data Encryption},
	year		= {2006},
	journal		= {International Journal of Computer Science and Applications},
	volume		= {3},
	number		= {2},
	pages		= {44-56}
}
@misc{daemen1999,
	author		= {Joan Daemen and Vincent Rijmen},
	title		= {AES Proposal: Rijndael},
	month		= {03},
	year		= {1999}
}
