@article{khazaei_fine-grained_2013,
	title = {A Fine-Grained Performance Model of Cloud Computing Centers},
	volume = {24},
	issn = {1045-9219},
	url = {http://ieeexplore.ieee.org/lpdocs/epic03/wrapper.htm?arnumber=6311400},
	doi = {10.1109/TPDS.2012.280},
	number = {11},
	urldate = {2014-05-22},
	journal = {{IEEE} Transactions on Parallel and Distributed Systems},
	author = {Khazaei, Hamzeh and Misic, Jelena and Misic, Vojislav B.},
	month = nov,
	year = {2013},
	pages = {2138--2147},
	file = {06311400.pdf:/home/jachermocilla/.mozilla/firefox/fznerqrr.default/zotero/storage/84DDARIR/06311400.pdf:application/pdf}
}