
@article{walker_benchmarking_2008,
	title = {Benchmarking Amazon {EC2} for high-performance scientific computing},
	volume = {33},
	url = {https://www.usenix.org/legacy/publications/login/2008-10/openpdfs/walker.pdf},
	number = {5},
	urldate = {2014-05-24},
	journal = {{;Login}},
	author = {Walker, Edward},
	month = oct,
	year = {2008},
	keywords = {\_tablet},
	file = {Walker_Benchmarking Amazon EC2 for high-performance scientific computing.pdf:/home/jachermocilla/.mozilla/firefox/klugnc78.default/zotero/storage/SZCBNM84/Walker_Benchmarking Amazon EC2 for high-performance scientific computing.pdf:application/pdf}
}